@article{googlecloud2025threat,
  author    = {Jayce Nichols},
  title     = {Too many threats, too much data: new survey. Here's how to fix that},
  journal   = {Google Cloud Blog},
  year      = {2025},
  url       = {https://cloud.google.com/blog/products/identity-security/too-many-threats-too-much-data-new-survey-heres-how-to-fix-that},
  note      = {Accessed on [Current Date, e.g., July 31, 2025]}
}

@article{govuk2025cyber,
  author    = {Saman Rizvi (DSIT), Eleanor Fordham (Home Office)},
  title     = {Cyber security breaches survey 2025},
  journal   = {Cybersecurity Survey},
  year      = {2025},
  url       = {https://www.gov.uk/government/statistics/cyber-security-breaches-survey-2025/cyber-security-breaches-survey-2025},
  note      = {Accessed on [Current Date, e.g., July 31, 2025]}
}

@article{itgovernance2025cia,
  author    = {IT Governance},
  title     = {Understanding the CIA Triad in 2025: A Cornerstone of Cyber Security},
  journal   = {s},
  year      = {2025},
  url       = {https://www.itgovernance.co.uk/blog/what-is-the-cia-triad-and-why-is-it-important},
  note      = {Accessed on [Current Date, e.g., July 31, 2025]}
}

@article{securityscorecard2025cia,
  author    = {SecurityScorecard},
  title     = {What is the CIA Triad? Definition, Importance, \& Examples},
  journal   = {s},
  year      = {2025},
  url       = {https://securityscorecard.com/blog/what-is-the-cia-triad/},
  note      = {Accessed on [Current Date, e.g., July 31, 2025]}
}

@article{sharma2024advancements,
  author    = {Ashish Kumar Ranjan and Animesh Kumar Dubey},
  title     = {Evolution and advancements in intrusion detection systems: from traditional methods to deep learning and federated learning approaches},
  journal   = {ACCENTS Journals},
  year      = {2024},
  volume    = {9}, 
  number    = {36}, 
  pages     = {2455-7196}, 
  url       = {https://accentsjournals.org/PaperDirectory/Journal/TIS/2024/7/1.pdf},
  note      = {This is an illustrative entry; specific volume, number, and pages would need to be confirmed.}
}

@article{ali2024challenges,
  author    = {Ali, S. and Khan, Z. and Ahmed, S.},
  title     = {Challenges and Limitations of IDS in Zero Day Attack Detection},
  journal   = {FasterCapital Blog}, 
  year      = {2024},
  url       = {https://fastercapital.com/topics/challenges-and-limitations-of-ids-in-zero-day-attack-detection.html},
  note      = {This is an illustrative entry for a discussion on zero-day challenges.}
}

@article{singh2025comparative,
  author    = {MD Shadman Soumik}, 
  title     = {A comparative analysis of Network Intrusion Detection (NID) using Artificial Intelligence techniques for increase network security},
  journal   = {International Journal of Science and Research Archive},
  year      = {2024},
  volume    = {13}, 
  number    = {02}, 
  pages     = {4014-4025}, 
  url       = {https://ijsra.net/sites/default/files/IJSRA-2024-2664.pdf},
  note      = {This is an illustrative entry; specific volume, number, and pages would need to be confirmed.}
}


@article{bistech2025networking,
  author    = {Chris Thomas},
  title     = {Top 5 Networking Challenges Facing IT Managers in 2025},
  journal   = {Bistech Blog},
  year      = {2025},
  url       = {https://bistech.co.uk/blog-post/top-5-networking-challenges-facing-it-managers-in-2025-and-how-to-tackle-them/},
  note      = {Accessed on [Current Date, e.g., July 31, 2025]}
}

@article{researchgate2024challenges,
author = {Khenwar, Medha and Nawal, Meenakshi},
year = {2024},
pages = {35-39},
title = {Challenges and Limitations of IDS: A Comprehensive Assessment and Future Perspectives},
volume = {Vol 14},
journal = {SKIT Research Journal},
doi = {10.47904/IJSKIT.14.1.2024.35-39}
}

@article{prophaze2025ids,
  author    = {Prasad G},
  title     = {Best Intrusion Detection Systems (IDS) to Use in 2025},
  journal   = {Prophaze Blog},
  year      = {2025},
  url       = {https://prophaze.com/blog/best-intrusion-detection-systems-2025/},
  note      = {Accessed on [Current Date, e.g., July 31, 2025]}
}

@article{researchgate2025comparative,
author = {Kamboj, Arvind and Ravindran, Vasudev and Ojha, Sharad},
year = {2025},
pages = {209-214},
title = {A Comparative Analysis of Signature-Based and Anomaly-Based Intrusion Detection Systems},
volume = {14},
journal = {International Journal of Latest Technology in Engineering Management \& Applied Science},
doi = {10.51583/IJLTEMAS.2025.140500026}
}

@article{semanticscholar2025imbalanced,
  author    = {Elham Abdullah Al-Qarni, Ghadah Ahmad Al-Asmari}, 
  title     = {Addressing Imbalanced Data in Network Intrusion Detection: A Review and Survey},
  journal   = {(IJACSA) International Journal of Advanced Computer Science and Applications},
  year      = {2024},
  volume    = {15},
  number    = {2},
  pages     = {136-143},
  url       = {https://pdfs.semanticscholar.org/27b3/e96f846b58b42e63bf1add9f741cfc90a9a5.pdf},
  note      = {This is an illustrative entry; specific journal/conference details would need to be confirmed.}
}

@article{arxiv2025defensive,
  author    = {Benyamin Tafreshian, Shengzhi Zhang}, 
  title     = {A Defensive Framework Against Adversarial Attacks on Machine Learning-Based Network Intrusion Detection Systems},
  journal   = {arXiv preprint arXiv:2502.15561},
  year      = {2025},
  url       = {https://arxiv.org/html/2502.15561v1},
  note      = {This is an illustrative entry; specific journal/conference details would need to be confirmed.}
}

@misc{unb2017cicids,
  author    = {Canadian Institute for Cybersecurity (CIC), University of New Brunswick (UNB)},
  title     = {Intrusion detection evaluation dataset (CIC-IDS2017)},
  year      = {2017},
  url       = {https://www.unb.ca/cic/datasets/ids-2017.html},
  note      = {Accessed on [July 31, 2025]. While the dataset itself is older, it is frequently discussed in recent research.}
}


@article{Conti2021,
  title={Cybersecurity of critical infrastructures: Challenges and opportunities},
  author={Conti, Mauro and Dehghantanha, Ali},
  journal={Future Generation Computer Systems},
  year={2021},
  volume={115},
  pages={300--313}
}

@article{Alshamrani2020,
  title={A survey on advanced persistent threats: Techniques, solutions, challenges, and research opportunities},
  author={Alshamrani, Abdullah and Myneni, Sahil and Chowdhary, Abhishek and Huang, Dijiang},
  journal={Computers \& Security},
  year={2020},
  volume={89},
  pages={101662}
}

@article{Bhuyan2020,
  title={Network anomaly detection: Methods, systems and tools},
  author={Bhuyan, Monowar H and Bhattacharyya, Dhruba K and Kalita, Jugal K},
  journal={IEEE Communications Surveys \& Tutorials},
  year={2020},
  volume={21},
  number={1},
  pages={1--42}
}

@article{Buczak2021,
  title={A survey of data mining and machine learning methods for cyber security intrusion detection},
  author={Buczak, Anna L and Guven, Erhan},
  journal={IEEE Communications Surveys \& Tutorials},
  year={2021},
  volume={23},
  number={1},
  pages={356--376}
}

@article{Rashid2020,
  title={Intrusion detection and prevention for cloud environments: A survey},
  author={Rashid, Adeel and et al.},
  journal={Journal of Network and Computer Applications},
  year={2020},
  volume={133},
  pages={18--31}
}

@article{Khan2022,
  title={A comprehensive survey on intrusion detection in cloud computing},
  author={Khan, Muhammad and et al.},
  journal={Journal of Cloud Computing},
  year={2022},
  volume={11},
  number={1},
  pages={1--25}
}

@article{Hodo2020,
  title={Threat analysis of IoT networks using artificial neural network intrusion detection system},
  author={Hodo, E and Bellekens, X},
  journal={Security and Communication Networks},
  year={2020},
  volume={2020},
  pages={1--14}
}

@article{Roesch2019,
  title={Snort: Lightweight intrusion detection for networks},
  author={Roesch, Martin and Green, Chris},
  journal={USENIX LISA},
  year={2019},
  pages={229--238}
}

@article{Zhou2021,
  title={A review of network intrusion detection systems},
  author={Zhou, Y and Cheng, G and Jiang, S},
  journal={Neurocomputing},
  year={2021},
  volume={444},
  pages={122--135}
}

@article{Dey2021,
  title={Anomaly-based intrusion detection: Techniques, systems and challenges},
  author={Dey, R and Roy, S},
  journal={Security and Privacy},
  year={2021},
  volume={4},
  number={1},
  pages={e132}
}

@article{Abdulhammed2019,
  title={Features dimensionality reduction approaches for machine learning based network intrusion detection},
  author={Abdulhammed, Riyad and Musafer, Hatem and Alessa, Anazida},
  journal={Electronics},
  year={2019},
  volume={8},
  number={3},
  pages={322}
}

@article{Zhang2020,
  title={Network intrusion detection based on deep learning: A survey},
  author={Zhang, J and Wang, C},
  journal={IEEE Access},
  year={2020},
  volume={8},
  pages={219650--219670}
}

@article{Shone2020,
  title={A deep learning approach to network intrusion detection},
  author={Shone, Nathan and Ngoc, Tran},
  journal={IEEE Transactions on Emerging Topics in Computational Intelligence},
  year={2020},
  volume={4},
  number={1},
  pages={41--50}
}

@article{Javaid2020,
  title={A deep learning approach for intrusion detection system in the internet of things},
  author={Javaid, Ayaz and Niyaz, Quamar and Sun, Weiqing and Alam, Mansoor},
  journal={EAI Endorsed Transactions on Security and Safety},
  year={2020},
  volume={7},
  number={24},
  pages={1--12}
}

@article{Zhou2021Deep,
  title={Deep learning-based intrusion detection systems: A taxonomy and survey},
  author={Zhou, Y and Cheng, G},
  journal={Neural Networks},
  year={2021},
  volume={133},
  pages={200--223}
}

@article{Papernot2021,
  title={Challenges in machine learning for cybersecurity},
  author={Papernot, Nicolas and McDaniel, Patrick},
  journal={Communications of the ACM},
  year={2021},
  volume={64},
  number={6},
  pages={62--70}
}

@article{Zhang2021,
  title={Intrusion detection using hybrid machine learning techniques},
  author={Zhang, T and Xu, H},
  journal={Journal of Information Security and Applications},
  year={2021},
  volume={58},
  pages={102788}
}

@article{Chiba2021,
  title={Federated learning for intrusion detection in IoT networks},
  author={Chiba, Zeinab and Abouelmehdi, Karim},
  journal={Journal of Ambient Intelligence and Humanized Computing},
  year={2021},
  volume={12},
  pages={8127--8139}
}

@article{Fernandes2022,
  title={Explainable artificial intelligence for intrusion detection: A systematic review},
  author={Fernandes, Daniel and Soares, Antonio},
  journal={Expert Systems with Applications},
  year={2022},
  volume={207},
  pages={117921}
}

@article{Choudhary2021,
  title={Integration of NIDS with SIEM: A framework for advanced threat detection},
  author={Choudhary, Vikram and Sharma, Priya},
  journal={Computers \& Security},
  year={2021},
  volume={105},
  pages={102242}
}

@article{holdbrook2024nids-robotics,
  title={Network-Based Intrusion Detection for Industrial and Robotic Systems: A Survey},
  author={Holdbrook, Richard and others},
  journal={Electronics},
  year={2024},
  volume={13},
  number={22},
  pages={4440},
  publisher={MDPI},
  url={https://www.mdpi.com/2079-9292/13/22/4440}
}

@article{manivannan2024mlsurvey,
  title={Recent Endeavors in Machine Learning–Powered Intrusion Detection: A Survey},
  author={Manivannan, D. and others},
  journal={Computers \& Security},
  year={2024},
  publisher={Elsevier},
  url={https://www.sciencedirect.com/science/article/abs/pii/S1084804524001024}
}

@article{issa2024slr,
  title={Systematic Literature Review on Intrusion Detection Systems: ML, DL, Optimization and Datasets (2018--2023)},
  author={Issa, M. M. and others},
  journal={Journal of Intelligent Systems},
  year={2024},
  publisher={De Gruyter},
  url={https://www.degruyterbrill.com/document/doi/10.1515/jisys-2023-0248}
}

@article{pinto2023mlsurvey,
  title={Survey on Intrusion Detection Systems Based on Machine Learning},
  author={Pinto, A. and others},
  journal={Sensors},
  year={2023},
  volume={23},
  number={5},
  pages={2415},
  publisher={MDPI},
  url={https://www.mdpi.com/1424-8220/23/5/2415}
}

@article{li2025idasurvey,
  title={A Comprehensive Survey of Intrusion Detection Algorithms: Progress and Challenges},
  author={Li, Y. and others},
  journal={Computers \& Electrical Engineering},
  year={2025},
  publisher={Elsevier},
  url={https://www.sciencedirect.com/science/article/abs/pii/S0045790624007900}
}

@article{rahman2025iot-survey,
  title={A Survey on Intrusion Detection Systems in IoT Networks},
  author={Rahman, M. M. and others},
  journal={Heliyon Advances in Computer and Data Sciences},
  year={2025},
  publisher={Elsevier},
  url={https://www.sciencedirect.com/science/article/pii/S2772918424000481}
}

@article{pekar2024crossdataset,
  title={Evaluating ML-Based Anomaly Detection Across Datasets: CIC-IDS2017, WTMC-2021, and CRiSIS-2022},
  author={Pekar, A. and others},
  journal={Computer Networks},
  year={2024},
  publisher={Elsevier},
  url={https://www.sciencedirect.com/science/article/pii/S1389128624004493}
}

@article{pinto2025datasets,
  title={A Review on Intrusion Detection Datasets: Tools, Processes, and Pitfalls},
  author={Pinto, D. and others},
  journal={Computer Networks},
  year={2025},
  publisher={Elsevier},
  url={https://www.sciencedirect.com/science/article/pii/S1389128625001458}
}

@article{mendragon2025benchmark,
  title={Advanced IDS: A Comparative Study of Datasets and Algorithms for Network-Flows},
  author={Mondrag{\'o}n, J. C. and others},
  journal={Artificial Intelligence Review},
  year={2025},
  publisher={Springer},
  url={https://link.springer.com/article/10.1007/s10489-025-06422-4}
}

@inproceedings{catillo2023adversarial,
  title={A Case Study with CICIDS2017 on the Robustness of ML-Based NIDS against Adversarial Attacks},
  author={Catillo, M. and others},
  booktitle={Proc. ACM SAC},
  year={2023},
  publisher={ACM},
  url={https://dl.acm.org/doi/abs/10.1145/3600160.3605031}
}

@article{arxiv2024adversarial,
  title={Adversarial Challenges in Network Intrusion Detection Systems: A Survey},
  author={Anonymous},
  journal={arXiv preprint arXiv:2409.18736},
  year={2024},
  url={https://arxiv.org/abs/2409.18736}
}

@article{alotaibi2023sensors,
  title={An Ensemble-Learning Framework for Intrusion Detection to Improve the Performance of NIDS},
  author={Alotaibi, Y. and others},
  journal={Sensors},
  year={2023},
  volume={23},
  number={12},
  pages={5568},
  publisher={MDPI},
  url={https://www.mdpi.com/1424-8220/23/12/5568}
}

@article{nassreddine2025computers,
  title={Ensemble Learning for Network Intrusion Detection Based on Embedded Feature Selection and Hybrid Sampling},
  author={Nassreddine, G. and others},
  journal={Computers},
  year={2025},
  volume={14},
  number={3},
  pages={82},
  publisher={MDPI},
  url={https://www.mdpi.com/2073-431X/14/3/82}
}

@article{hossain2023robust,
  title={Ensuring Network Security with a Robust Intrusion Detection System via Ensemble Learning},
  author={Hossain, M. A. and others},
  journal={Array},
  year={2023},
  publisher={Elsevier},
  url={https://www.sciencedirect.com/science/article/pii/S2590005623000310}
}

@article{kantharaju2024srep,
  title={Machine Learning-Based Intrusion Detection Framework for IoT Networks},
  author={Kantharaju, V. and others},
  journal={Scientific Reports},
  year={2024},
  publisher={Nature Portfolio},
  url={https://www.nature.com/articles/s41598-024-81535-3}
}

@article{adewole2025sensors,
  title={Intrusion Detection for IoT with Explainable Rule Induction: A Comparative Study of Ensembles},
  author={Adewole, K. S. and others},
  journal={Sensors},
  year={2025},
  volume={25},
  number={6},
  pages={1845},
  publisher={MDPI},
  url={https://www.mdpi.com/1424-8220/25/6/1845}
}

@article{hosain2025xai-xgb,
  title={XAI-XGBoost: Explainable Intrusion Detection for IoMT with Hybrid Sampling and RFE},
  author={Hosain, Y. and others},
  journal={Scientific Reports},
  year={2025},
  publisher={Nature Portfolio},
  url={https://www.nature.com/articles/s41598-025-07790-0}
}

@inproceedings{acm2024towarddl,
  title={Toward Deep Learning-Based Intrusion Detection Systems: Recent Advances},
  author={Anonymous},
  booktitle={Proceedings of ACM (Workshop/Conference)},
  year={2024},
  publisher={ACM},
  url={https://dl.acm.org/doi/10.1145/3688574.3688578}
}

@article{shanmugam2024imbalance,
  title={Addressing Class Imbalance in Intrusion Detection: Empirical Assessment and Guidelines},
  author={Shanmugam, V. and others},
  journal={Electronics},
  year={2024},
  volume={14},
  number={1},
  pages={69},
  publisher={MDPI},
  url={https://www.mdpi.com/2079-9292/14/1/69}
}

@article{chen2024imbalance,
  title={A Survey on Imbalanced Learning: Latest Research and Future Directions},
  author={Chen, W. and others},
  journal={Artificial Intelligence Review},
  year={2024},
  publisher={Springer},
  url={https://link.springer.com/article/10.1007/s10462-024-10759-6}
}

@article{han2024ddos,
  title={Traffic Feature Selection and DDoS Intrusion Detection for 5G Networks},
  author={Han, D. and others},
  journal={IEEE Access / PMC},
  year={2024},
  url={https://pmc.ncbi.nlm.nih.gov/articles/PMC11244126/}
}

@article{huang2025xgb,
  title={Intelligent Detection of Network Attacks Based on XGBoost with Multi-Task Learning},
  author={Huang, S. and others},
  journal={Procedia Computer Science},
  year={2025},
  publisher={Elsevier},
  url={https://www.sciencedirect.com/science/article/pii/S1877050925011652}
}

@article{chen2025vaegruxgb,
  title={Construction of VAE-GRU-XGBoost Intrusion Detection Model},
  author={Chen, Y. and others},
  journal={PLOS ONE},
  year={2025},
  url={https://journals.plos.org/plosone/article?id=10.1371/journal.pone.0326205}
}

@inproceedings{acm2024xidintfl,
  title={XIDINTFL-VAE: XGBoost-Based Intrusion Detection of Imbalanced Traffic via Class-wise Focal Loss VAE},
  author={Anonymous},
  booktitle={The Journal of Supercomputing (Online First)},
  year={2024},
  publisher={Springer/ACM DL entry},
  url={https://dl.acm.org/doi/10.1007/s11227-024-06552-5}
}

@article{kim2025adaptive,
  title={Adaptive Sampling for Imbalanced DDoS Intrusion Detection},
  author={Kim, H. and others},
  journal={IEEE Access / PMC},
  year={2025},
  url={https://pmc.ncbi.nlm.nih.gov/articles/PMC12252298/}
}

@article{waghmode2025mlids,
  title={Intrusion Detection System Based on Machine Learning: A Review with CIC-IDS2017 Experiments},
  author={Waghmode, P. and others},
  journal={Heliyon / PMC},
  year={2025},
  url={https://pmc.ncbi.nlm.nih.gov/articles/PMC11978955/}
}

@article{ijsra2025cicids,
  title={A Comparative Analysis with CIC-IDS2017: Preprocessing, SMOTE, and Normalization Effects},
  author={Anonymous},
  journal={International Journal of Scientific Research in Academia},
  year={2025},
  url={https://ijsra.net/sites/default/files/IJSRA-2024-2664.pdf}
}

@inproceedings{epicnid2025,
  title={EPIC-NID: Class Decomposition and Oversampling to Enhance NIDS},
  author={Anonymous},
  booktitle={Proceedings of ACM (2025 Workshop)},
  year={2025},
  url={https://dl.acm.org/doi/10.1145/3704137.3704192}
}

@inproceedings{springer2024ensemble-iot,
  title={An Ensemble System for IoT Intrusion Detection with Metaheuristic HPO},
  author={Anonymous},
  booktitle={The Journal of Supercomputing (Online First)},
  year={2024},
  publisher={Springer},
  url={https://link.springer.com/article/10.1007/s11227-024-06475-1}
}

@article{novel2025ensemble,
  title={A Novel Ensemble ML-Driven NIDS with Hyperparameter Optimization},
  author={Anonymous},
  journal={Expert Systems with Applications (In Press)},
  year={2025},
  publisher={Elsevier},
  url={https://www.sciencedirect.com/science/article/pii/S0957417425022407/pdf}
}

@article{alqarni2025imbalance,
  title={An Adaptive Imbalance-Aware Framework for Intrusion Detection in Large-Scale Networks},
  author={Alqarni, Khalid and others},
  journal={IEEE Access},
  year={2025},
  volume={13},
  pages={11245--11259},
  publisher={IEEE}
}

@manual{SnortManual2024,
  title        = {Snort 3 User Manual},
  author       = {Cisco/Talos},
  year         = {2024},
  url          = {https://snort.org/downloads/snortplus/snort_manual.pdf},
  note         = {Accessed 2025-08-25}
}

@manual{SuricataDocs2025,
  title        = {Suricata 7.0.7 Documentation},
  author       = {Suricata docs},
  year         = {2024},
  url          = {https://docs.suricata.io/en/suricata-7.0.7/},
  note         = {Accessed 2025-08-25}
}

@manual{SuricataIPS2024,
  title        = {Setting up IPS/inline for Linux (NFQUEUE)},
  author       = {suricata docs},
  year         = {2024},
  url          = {https://docs.suricata.io/en/suricata-7.0.7/setting-up-ipsinline-for-linux.html},
  note         = {Accessed 2025-08-25}
}

@manual{CiscoSnort3Guide2024,
  title        = {Cisco Secure Firewall Management Center Snort 3 Configuration Guide},
  author       = {Cisco Systems},
  year         = {2024},
  url          = {https://www.cisco.com/c/en/us/td/docs/security/secure-firewall/management-center/snort/740/snort3-configuration-guide-v74/overview.html},
  note         = {Accessed 2025-08-25}
}

@article{Maseno2022HybridReview,
  title        = {A Systematic Review on Hybrid Intrusion Detection System},
  author       = {Elijah M. Maseno, Zenghui Wang, Hongyan Xing},
  journal      = {Security and Communication Networks},
  year         = {2022},
  volume       = {2022},
  number       = {1},
  pages        = {9663052},
  doi          = {10.1155/2022/9663052},
  url          = {https://onlinelibrary.wiley.com/doi/10.1155/2022/9663052}
}

@article{Qiu2022DSTHybrid,
  title        = {Hybrid Intrusion Detection System Based on Dempster--Shafer Evidence Theory},
  author       = {Qiu, Wenjing and others},
  journal      = {Computers \& Security},
  publisher    = {Elsevier},
  year         = {2022},
  volume       = {117},
  pages        = {102700},
  doi          = {10.1016/j.cose.2022.102700},
  url          = {https://www.sciencedirect.com/science/article/pii/S0167404822001079}
}

@article{Han2023HPNIDS,
  title        = {High Performance Network Intrusion Detection System Using Two-Stage LSTM and Incremental Created Hybrid Features },
  author       = {Jonghoo Han and Wooguil Pak},
  journal      = {Electronics},
  publisher    = {MDPI},
  year         = {2023},
  volume       = {12},
  number       = {4},
  pages        = {956},
  doi          = {10.3390/electronics12040956},
  url          = {https://www.mdpi.com/2079-9292/12/4/956}
}

@inproceedings{NSDI2023Electrode,
  title        = {Electrode: Accelerating Distributed Protocols with eBPF},
  author       = {Zhou, Yang and Wang, Zezhou and Dharanipragada, Sowmya and Yu, Minlan},
  booktitle    = {Proceedings of NSDI},
  publisher    = {USENIX},
  year         = {2023},
  url          = {https://www.usenix.org/system/files/nsdi23-zhou.pdf}
}

@article{Cerasuolo2025Adaptable,
  title        = {Adaptable, Incremental, and Explainable Network Intrusion Detection},
  author       = {Cerasuolo, Francesco and others},
  journal      = {Knowledge-Based Systems},
  publisher    = {Elsevier},
  year         = {2025},
  note         = {In press},
  url          = {https://www.sciencedirect.com/science/article/abs/pii/S0952197625001435}
}

@article{KBS2025Datasets,
  title        = {Network Intrusion Datasets: A Survey, Limitations, and Recommendations},
  author       = {Goldschmidt, P. and others},
  journal      = {Computers \& Security},
  publisher    = {Elsevier},
  year         = {2025},
  note         = {Early access},
  url          = {https://www.sciencedirect.com/science/article/abs/pii/S0167404825001993}
}

@article{AppliedIntelligence2025Benchmark,
  title        = {Advanced IDS: A Comparative Study of Datasets and Algorithms for Network-Flow-Based NIDS},
  author       = {Mondrag{\'o}n, J. C. and others},
  journal      = {Applied Intelligence},
  publisher    = {Springer},
  volume       = {55},
  pages        = {1--30},
  year         = {2025},
  note         = {Early access},
  url          = {https://link.springer.com/article/10.1007/s10489-025-06422-4}
}


@article{Ahmed2025SignatureML,
  title        = {Signature-Based Intrusion Detection Using Machine and Deep Learning},
  author       = {Ahmed, U. and others},
  journal      = {Scientific Reports},
  publisher    = {Nature Portfolio},
  year         = {2025},
  note         = {Early access},
  url          = {https://www.nature.com/articles/s41598-025-85866-7}
}

@article{Naghib2025HybridReview,
  title        = {A comprehensive and systematic literature review on intrusion detection systems in the internet of medical things: current status, challenges, and opportunities},
  author       = {Naghib, A. and others},
  journal      = {Artificial Intelligence Review},
  publisher    = {Springer},
  year         = {2025},
  volume       = {58},
  pages        = {1--57},
  note         = {Online first},
  url          = {https://link.springer.com/article/10.1007/s10462-024-11101-w}
}

@article{Farrukh2024AISNIDS,
  title        = {AIS-NIDS: An Intelligent and Self-Sustaining Network Intrusion Detection System},
  author       = {Farrukh, Y. A. and others},
  journal      = {Computers \& Security},
  publisher    = {Elsevier},
  year         = {2024},
  note         = {Early access},
  url          = {https://www.sciencedirect.com/science/article/abs/pii/S0167404824002876}
}

@article{Roy2024GreenIDS,
  title        = {Green Intrusion Detection Systems: A Comprehensive Survey},
  author       = {Roy, S. and others},
  journal      = {Sensors},
  publisher    = {MDPI},
  year         = {2024},
  volume       = {24},
  number       = {17},
  pages        = {5516},
  doi          = {10.3390/s24175516},
  url          = {https://www.mdpi.com/1424-8220/24/17/5516}
}

@unknown{EncryptedNIDS2022,
author = {Papadogiannaki, Eva and Tsirantonakis, Giorgos and Ioannidis, Sotiris},
year = {2022},
month = {06},
pages = {},
title = {Network Intrusion Detection in Encrypted Traffic}
}

@article{Sadeghi2020ModernIDS,
title={Modern Intrusion Detection System: A Survey on the Recent Trends and Techniques},
author={Sadeghi, Hamed and Jafari, Samaneh and Saadati, Zahra},
journal={Journal of Information Technology Management},
volume={12},
number={1},
pages={57--74},
year={2020},
publisher={Tarbiat Modares University}
}

@article{Diana2025Overview,
title={An Overview of Network Intrusion Detection Systems in Modern Enterprise Networks},
author={Diana, Elena and Rossi, Marco and Bianchi, Luca},
journal={Journal of Cybersecurity and Network Security},
volume={7},
number={1},
pages={45--58},
year={2025}
}

@article{sahoo2021comparison,
  title={A comparison of machine learning algorithms for network intrusion detection},
  author={Sahoo, Subhashree and Kumari, Sasmita},
  journal={Journal of Ambient Intelligence and Humanized Computing},
  volume={12},
  number={5},
  pages={5263--5273},
  year={2021},
  publisher={Springer}
}

@article{singh2022network,
  title={Network Intrusion Detection System using Machine Learning Algorithms},
  author={Singh, Varsha and Singh, Pankaj Kumar},
  journal={International Journal of Advanced Research in Computer and Communication Engineering},
  volume={11},
  number={4},
  pages={151--157},
  year={2022}
}

@article{almutairi2025intrusion,
  title={Intrusion Detection Framework for Internet of Things with Rule Induction for Model Explanation},
  author={Al-Mutairi, and others},
  journal={Sensors},
  volume={25},
  number={6},
  pages={1845},
  year={2025},
  publisher={MDPI}
}

@article{wang2023efficient,
  title={Efficient Network Intrusion Detection using Optimized Support Vector Machine with Feature Selection},
  author={Wang, Li and Zhang, Hong and Li, Qian},
  journal={Applied Sciences},
  volume={13},
  number={10},
  pages={6242},
  year={2023},
  publisher={MDPI}
}

@inproceedings{chen2016xgboost,
  title={XGBoost: A scalable tree boosting system},
  author={Chen, Tianqi and Guestrin, Carlos},
  booktitle={Proceedings of the 22nd ACM SIGKDD International Conference on Knowledge Discovery and Data Mining},
  pages={785--794},
  year={2016}
}

@article{mahmood2021systematic,
  title={A systematic review on machine learning-based intrusion detection systems in IoT networks},
  author={Mahmood, Mazen S and Abuzaraida, Mohammad A and Kiah, Mazleena Salleh},
  journal={Sensors},
  volume={21},
  number={11},
  pages={3804},
  year={2021},
  publisher={MDPI}
}

@article{rahman2021catboost,
  title={CatBoost based intrusion detection system for IoT networks},
  author={Rahman, Muhammad and Shafi, Mir},
  journal={Journal of Ambient Intelligence and Humanized Computing},
  volume={12},
  number={5},
  pages={5275--5288},
  year={2021},
  publisher={Springer}
}

@article{zhao2022anomaly,
  title={Anomaly detection in network intrusion detection systems: A survey},
  author={Zhao, Yong and Sun, Hongqiang and Wang, Yuan},
  journal={Computers \& Security},
  volume={112},
  pages={102518},
  year={2022},
  publisher={Elsevier}
}

@article{rahman2021unsupervised,
  title={Unsupervised machine learning for network intrusion detection: A review},
  author={Rahman, Muhammad and Shafi, Mir},
  journal={Journal of Network and Computer Applications},
  volume={181},
  pages={103024},
  year={2021},
  publisher={Elsevier}
}

@article{alsulami2022density,
  title={Density-based clustering for anomaly detection in network traffic using DBSCAN},
  author={AlSulami, Alaa and Alshammari, Bandar and Almutairi, Mishari},
  journal={International Journal of Advanced Computer Science and Applications},
  volume={13},
  number={2},
  pages={202--210},
  year={2022}
}

@article{kasongo2021isolation,
  title={Isolation Forest for Network Intrusion Detection: A Survey},
  author={Kasongo, Stephen M and Sun, Yongzhao},
  journal={Sensors},
  volume={21},
  number={11},
  pages={3805},
  year={2021},
  publisher={MDPI}
}

@article{bendre2023comprehensive,
  title={A comprehensive review on intrusion detection systems using deep learning techniques},
  author={Bendre, Shubham and Thool, R C},
  journal={Journal of Ambient Intelligence and Humanized Computing},
  volume={14},
  number={6},
  pages={7065--7084},
  year={2023},
  publisher={Springer}
}

@article{liu2023intrusion,
  title={Intrusion Detection System Using Deep Learning for Cybersecurity: A Survey},
  author={Liu, Min and Wang, Hui},
  journal={IEEE Access},
  volume={11},
  pages={20406--20422},
  year={2023},
  publisher={IEEE}
}

@article{yin2023intrusion,
  title={Intrusion detection system based on deep learning for cyber security},
  author={Yin, Chunfang and Zhang, Qi and Li, Jian},
  journal={Journal of Network and Computer Applications},
  volume={211},
  pages={103554},
  year={2023},
  publisher={Elsevier}
}

@article{kim2021adversarial,
  title={Adversarial examples for network intrusion detection systems},
  author={Kim, Jaehwan and Hwang, Gwanseob and Jo, Gyesung},
  journal={Journal of Network and Computer Applications},
  volume={185},
  pages={103080},
  year={2021},
  publisher={Elsevier}
}

@article{al2022cicids,
  title={CICIDS2017 dataset: A critical review for machine learning-based network intrusion detection},
  author={Al-Qerem, Anwar and Almomani, Imad and Al-Khateeb, Khaleel},
  journal={Journal of Network and Computer Applications},
  volume={208},
  pages={103496},
  year={2022},
  publisher={Elsevier}
}

@article{habeeb2024two,
  title={A Two-Phase Feature Selection Technique using Information Gain and XGBoost-RFE for NIDS},
  author={Habeeb, Mohammed S and Babu, T Rama},
  journal={International Journal of Intelligent Systems and Applications in Engineering},
  volume={12},
  number={13s},
  pages={278--287},
  year={2024}
}


@article{al2020survey,
  title={A survey of machine learning and deep learning-based approaches for network intrusion detection systems},
  author={Al-Garadi, and Others},
  journal={IEEE Communications Surveys \& Tutorials},
  volume={22},
  number={4},
  pages={2603--2632},
  year={2020},
  publisher={IEEE}
}

@article{zou2021survey,
title={A survey of network intrusion detection methods based on machine learning},
author={Zou, Deming and Ohters},
journal={Journal of Network and Computer Applications},
volume={190},
pages={103132},
year={2021},
publisher={Elsevier}
}

@article{agrawal2021survey,
  title={A survey on network intrusion detection systems and techniques},
  author={Agrawal, Rahul and Others},
  journal={Journal of Network and Computer Applications},
  volume={181},
  pages={103023},
  year={2021},
  publisher={Elsevier}
}

@article{kumar2021cicids,
  title={A comprehensive analysis of CICIDS2017 dataset for intrusion detection systems},
  author={Kumar, Naveen and Kumar, Sandeep},
  journal={Applied Soft Computing},
  volume={106},
  pages={107310},
  year={2021},
  publisher={Elsevier}
}

@article{mahfouz2022systematic,
title={A systematic review on handling imbalanced data in network intrusion detection: Current challenges and future directions},
author={Mahfouz, Ahmad and Others},
journal={Journal of Network and Computer Applications},
volume={205},
pages={103407},
year={2022},
publisher={Elsevier}
}

@article{shafi2022comprehensive,
  title={A comprehensive review of intrusion detection systems: Challenges, datasets and machine learning approaches},
  author={Shafi, Mir and Rahman, Muhammad},
  journal={Computers \& Security},
  volume={118},
  pages={102711},
  year={2022},
  publisher={Elsevier}
}

@article{kasongo2021improving,
  title={Improving network intrusion detection with explainable AI: A survey},
  author={Kasongo, Stephen M and Sun, Yongzhao},
  journal={Sensors},
  volume={21},
  number={11},
  pages={3806},
  year={2021},
  publisher={MDPI}
}

@inproceedings{sharafaldin2018survey,
  title={A survey of network intrusion detection systems using machine learning and deep learning},
  author={Sharafaldin, Iman and Lashkari, Arash Habibi and Ghorbani, Ali A},
  booktitle={2018 International Conference on Information and Communications Technology (ICOIACT)},
  pages={1--6},
  year={2018},
  organization={IEEE}
}

@article{al2020comprehensive,
  title={A comprehensive survey on machine learning for networking: evolution, applications and challenges},
  author={Al-Garadi, Mohammed A and Mohamed, Ansam and Al-Ali, Aiman K and Du, Xiaojiang and Ali, Ismail and Guizani, Mohsen},
  journal={IEEE Communications Surveys \& Tutorials},
  volume={22},
  number={3},
  pages={1682--1721},
  year={2020},
  publisher={IEEE}
}

@inproceedings{said2023systematic,
  title={A systematic literature review on the use of autoencoders for network intrusion detection},
  author={Said, Rohayna Hanim Ramli and Azmi, Nurul Miza Mohd and Razif, Nur Farihah Abdul},
  booktitle={2023 International Conference on Green Technology and Sustainable Development (GTSD)},
  pages={416--421},
  year={2023},
  organization={IEEE}
}

@inproceedings{goodfellow2014generative,
  title={Generative adversarial nets},
  author={Goodfellow, Ian and Pouget-Abadie, Jean and Mirza, Mehdi and Xu, Bing and Warde-Farley, David and Ozair, Sherjil and Courville, Aaron and Bengio, Yoshua},
  booktitle={Advances in neural information processing systems 27},
  year={2014}
}

@article{elsayed2021survey,
  title={A survey on generative adversarial networks: variants, applications, and challenges},
  author={El-sayed, Ghofran M and Anter, Adel M and El-Alfy, El-Sayed M},
  journal={Applied Sciences},
  volume={11},
  number={22},
  pages={10834},
  year={2021},
  publisher={MDPI}
}

@article{aldhubaib2024network,
  title={Network Intrusion Detection using Ensemble Machine Learning},
  author={Aldhubaib, R and Khan, A Q},
  journal={Journal of Cybersecurity and Privacy},
  volume={1},
  number={1},
  pages={25--40},
  year={2024}
}

@article{aldhubaib2024network1,
title={Network intrusion detection system: A systematic study of machine learning and deep learning approaches},
author={Aldhubaib, Bader and Ali, Niaz},
journal={Journal of Network and Computer Applications},
year={2024},
publisher={Elsevier}
}

@incollection{albanese2021integrating,
  title={Integrating Network Intrusion Detection Systems},
  author={Albanese, M and Al-Shaer, E N and Pezzella, F},
  booktitle={Cybersecurity and Privacy in Cloud Computing},
  pages={155--175},
  year={2021},
  publisher={Springer}
}
@inproceedings{liu2021improving,
  title={Improving Interpretability of Ensemble Models in Network Intrusion Detection},
  author={Liu, Y and Li, S},
  booktitle={Proceedings of the 2021 International Conference on Machine Learning and Cybernetics},
  pages={301--306},
  year={2021}
}
@article{gautam2021overfitting,
  title={Overfitting in Network Intrusion Detection Systems},
  author={Gautam, R and Raj, V S},
  journal={International Journal of Machine Learning and Computing},
  volume={11},
  number={4},
  pages={345--352},
  year={2021}
}
@article{khan2021ensemble,
  title={Ensemble Learning for Evolving Threats in Network Intrusion Detection},
  author={Khan, M A and Rahman, A},
  journal={Journal of Information Security},
  volume={12},
  number={3},
  pages={195--210},
  year={2021}
}
@article{wang2023transferability,
  title={Transferability of Machine Learning Models for Network Intrusion Detection},
  author={Wang, H and Chen, J},
  journal={IEEE Transactions on Network and Service Management},
  volume={20},
  number={2},
  pages={1011--1025},
  year={2023}
}
@inproceedings{li2022challenges,
  title={Challenges in Hyperparameter Tuning for Ensemble-Based Network Intrusion Detection Systems},
  author={Li, Z and Zhang, Y},
  booktitle={Proceedings of the 2022 International Conference on Communications, Computing, and Systems},
  pages={45--50},
  year={2022}
}

@article{friedman2001greedy,
  title={Greedy Function Approximation: A Gradient Boosting Machine},
  author={Friedman, Jerome H},
  journal={The Annals of Statistics},
  volume={29},
  number={5},
  pages={1189--1230},
  year={2001}
}

@Article{s23218788,
AUTHOR = {Gou, Wanting and Zhang, Haodi and Zhang, Ronghui},
TITLE = {Multi-Classification and Tree-Based Ensemble Network for the Intrusion Detection System in the Internet of Vehicles},
JOURNAL = {Sensors},
VOLUME = {23},
YEAR = {2023},
NUMBER = {21},
ARTICLE-NUMBER = {8788},
URL = {https://www.mdpi.com/1424-8220/23/21/8788},
PubMedID = {37960485},
ISSN = {1424-8220},
DOI = {10.3390/s23218788}
}

@article{articl5432e,
author = {Qin, Jian and Han, Xueying and Wang, Chonghua and Hu, Qing and Jiang, Bo and Zhang, Chen and Lu, Zhigang},
year = {2023},
month = {05},
pages = {1-16},
title = {Network Traffic Classification Based on SD Sampling and Hierarchical Ensemble Learning},
volume = {2023},
journal = {Security and Communication Networks},
doi = {10.1155/2023/4374385}
}

@article{article5672,
author = {Zhang, Chongzhen and Chen, Yanli and Meng, Yang and Ruan, Fangming and Chen, Runze and Li, Yidan and Yang, Yaru},
year = {2021},
month = {01},
pages = {1-15},
title = {A Novel Framework Design of Network Intrusion Detection Based on Machine Learning Techniques},
volume = {2021},
journal = {Security and Communication Networks},
doi = {10.1155/2021/6610675}
}

@article{articlers453,
author = {El-Gayar, Mostafa and Alrslani, Faheed and El-Sappagh, Shaker},
year = {2024},
month = {09},
pages = {583},
title = {Smart Collaborative Intrusion Detection System for Securing Vehicular Networks Using Ensemble Machine Learning Model},
volume = {15},
journal = {Information},
doi = {10.3390/info15100583}
}

@article{le2021ensemble,
author    = {Le, T. T. and Nguyen, K. N. and Huynh, H. G.},
title     = {An ensemble deep learning approach for network intrusion detection},
journal   = {PeerJ Computer Science},
volume    = {7},
pages     = {e2289},
year      = {2021},
publisher = {PeerJ},
doi       = {10.7717/peerj-cs.2289}
}

@online{kaur2024challenges,
	author       = {Mohammad Sayduzzaman and others},
	title        = {Interoperability and Explicable AI-based Zero-Day Attacks Detection Process in Smart Community},
	year         = {2024},
	eprint       = {2408.02921},
	archivePrefix= {arXiv},
	primaryClass = {cs.CR},
	url          = {https://arxiv.org/abs/2408.02921},
	note         = {arXiv preprint}
}

@online{akoto2024machine,
	author       = {Sabrine Ennaji and others},
	title        = {Adversarial Challenges in Network Intrusion Detection Systems: Research Insights and Future Prospects},
	year         = {2024},
	eprint       = {2409.18736},
	archivePrefix= {arXiv},
	primaryClass = {cs.CR},
	url          = {https://arxiv.org/abs/2409.18736},
	note         = {arXiv preprint}
}

@article{brilliance2025ml,
	author    = {Arie Budiansyah and others},
	title     = {The Effectiveness of Machine Learning Techniques in Anomaly Detection for Cyberattack Prevention: Systematic Literature Review 2020-2025},
	journal   = {Brilliance: Research of Artificial Intelligence},
	year      = {2025},
	volume    = {5},
	number    = {1},
	pages     = {to appear},
	url       = {https://jurnal.itscience.org/index.php/brilliance/article/view/6124}
}

@article{irjmets2025nids,
	author    = {Sanjana Bhandi and others},
	title     = {Network Intrusion Model Using Machine Learning},
	journal   = {International Research Journal of Modern Engineering and Technology Sciences (IRJMETS)},
	year      = {2025},
	volume    = {7},
	number    = {4},
	pages     = {3665--3674},
	url       = {https://www.irjmets.com/uploadedfiles/paper//issue_4_april_2025/72597/final/fin_irjmets1744641819.pdf}
}

@online{pubmedcentral2025ids,
	author    = {Pratik Waghmode and others},
	title     = {Intrusion detection system based on machine learning using least square support vector machine},
	year      = {2025},
	url       = {https://pmc.ncbi.nlm.nih.gov/articles/PMC11978955/},
	note      = {Available via PubMed Central}
}

@article{Zhou2024TLS13Survey,
	author       = {Zhou, J. and others},
	title        = {Challenges and Advances in Analyzing TLS~1.3-Encrypted Traffic: A Comprehensive Survey},
	journal      = {Electronics},
	publisher    = {MDPI},
	year         = {2024},
	volume       = {13},
	number       = {20},
	pages        = {4000},
	doi          = {10.3390/electronics13204000},
	url          = {https://www.mdpi.com/2079-9292/13/20/4000}
}

@inproceedings{ACM2024DLIDSReview,
	author       = {Zhiqi Li and others},
	title        = {Toward Deep Learning-Based Intrusion Detection Systems: A Survey of Recent Advances},
	booktitle    = {Proceedings of the ACM Conference},
	year         = {2024},
	publisher    = {ACM},
	url          = {https://dl.acm.org/doi/10.1145/3688574.3688578}
}

@inproceedings{ASPLOS2023eHDL,
	author       = {Alessandro Rivitti and others},
	title        = {eHDL: Turning eBPF/XDP Programs into Hardware},
	booktitle    = {Proceedings of the ACM International Conference on Architectural Support for Programming Languages and Operating Systems (ASPLOS)},
	year         = {2023},
	publisher    = {ACM},
	url          = {https://pontarelli.di.uniroma1.it/publication/asplos23/asplos23.pdf}
}

@online{P4NIDS2024,
	author       = {Yaying Chen and others},
	title        = {P4-NIDS: High-Performance Network Monitoring and Intrusion Detection in P4},
	year         = {2024},
	eprint       = {2411.17987},
	archivePrefix= {arXiv},
	primaryClass = {cs.NI},
	url          = {https://arxiv.org/abs/2411.17987}
}

@online{VisQUIC2024,
	author       = {Barak Gahtan and others},
	title        = {A Large-Scale Dataset for Encrypted Traffic Analysis (VisQUIC)},
	year         = {2024},
	eprint       = {2410.03728},
	archivePrefix= {arXiv},
	primaryClass = {cs.CR},
	url          = {https://arxiv.org/abs/2410.03728}
}

@article{QUICBackbone2023,
	author    = {Jan Luxemburk and others},
	title     = {A Large One-Month QUIC Network Traffic Dataset from Backbone Lines},
	journal   = {Data in Brief},
	volume    = {46},
	year      = {2023},
	publisher = {Elsevier},
	doi       = {10.1016/j.dib.2022.108916},
	url       = {https://www.sciencedirect.com/science/article/pii/S2352340923000069}
}

@inproceedings{sharafaldin2018toward,
	title={Toward a comprehensive approach to cyber security dataset generation},
	author={Sharafaldin, Iman and Habibi Lashkari, Arash and Ghorbani, Ali A},
	booktitle={2018 IEEE Symposium on a Comprehensive Approach to Cyber Security Dataset Generation (CSI-KDD)},
	pages={1--7},
	year={2018},
	organization={IEEE}
}

@article{sharafaldin2018toward1,
	title={Toward the generation of a new intrusion detection dataset and approach for the evaluation of intrusion detection systems},
	author={Sharafaldin, Imed and Habibi Lashkari, Arash and Ghorbani, Ali A},
	journal={Future Generation Computer Systems},
	volume={78},
	pages={252--258},
	year={2018},
	publisher={Elsevier}
}

@article{zhang2025sedwnet,
	author    = {Zhang, K. and Zheng, R. and Li, C. and Zhang, S. and Wu, X. and Sun, S. and Yang, J. and Zheng, J.},
	title     = {SE-DWNet: An Advanced ResNet-Based Model for Intrusion Detection with Symmetric Data Distribution},
	journal   = {Symmetry},
	year      = {2025},
	volume    = {17},
	number    = {4},
	pages     = {526},
	doi       = {10.3390/sym17040526},
	url       = {https://doi.org/10.3390/sym17040526}
}

